<?xml version="1.0" encoding="UTF-8"?><collection xmlns="http://www.loc.gov/MARC21/slim"><record><leader>00569nam--2200193-i-4500</leader><controlfield tag="001">000015730</controlfield><controlfield tag="002">20161230</controlfield><controlfield tag="005">20161230201031</controlfield><controlfield tag="008">060222s1000------------r-----000-0-rum-d</controlfield><datafield ind1=" " ind2=" " tag="040"><subfield code="a">IFIN-HH</subfield></datafield><datafield ind1=" " ind2=" " tag="041"><subfield code="a">rum</subfield></datafield><datafield ind1=" " ind2=" " tag="080"><subfield code="a">616:531/534</subfield></datafield><datafield ind1="1" ind2=" " tag="100"><subfield code="a">Antonescu, Dinu</subfield></datafield><datafield ind1="1" ind2="0" tag="245"><subfield code="a">Metode de calcul si tehnici experimentale de analiza tensiunilor in biomecanica</subfield><subfield code="c">Mihail Buga, Ioan Constantinescu, Nicolae Iliescu</subfield></datafield><datafield ind1=" " ind2=" " tag="260"><subfield code="a">Bucuresti, Editura Tehnica, 1986</subfield></datafield><datafield ind1=" " ind2=" " tag="300"><subfield code="a">256 P</subfield></datafield><datafield ind1="1" ind2=" " tag="700"><subfield code="a">Iliescu, Nicolae</subfield></datafield><datafield ind1=" " ind2=" " tag="852"><subfield code="a">73412</subfield><subfield code="c">531</subfield></datafield><datafield ind1=" " ind2=" " tag="CAT"><subfield code="a">Sys</subfield><subfield code="c">20100702</subfield><subfield code="h">100319</subfield></datafield></record></collection>